@Manual{Harada,
  title =        {Smoothed Particle Hydrodynamics on GPUs},
  author = {Takahiro Harada},
  year =         2007,
  note =         {\url{http://www.inf.ufrgs.br/cgi2007/cd_cgi/papers/harada.pdf}}
}